
@article{Hsiao:2018,
 author = {Hsiao, Kai-Wen and Huang, Jia-Bin and Chu, Hung-Kuo},
 title = {Multi-view Wire Art},
 journal = {ACM Trans. Graph.},
 issue_date = {November 2018},
 volume = {37},
 number = {6},
 month = dec,
 year = {2018},
 issn = {0730-0301},
 pages = {242:1--242:11},
 articleno = {242},
 numpages = {11},
 url = {http://doi.acm.org/10.1145/3272127.3275070},
 doi = {10.1145/3272127.3275070},
 acmid = {3275070},
 publisher = {ACM},
 address = {New York, NY, USA},
 keywords = {image-based modeling, shape deformation, skeleton extraction, wire art},
} 


@article{Parker:2013,
 author = {Parker, Steven G. and Friedrich, Heiko and Luebke, David and Morley, Keith and Bigler, James and Hoberock, Jared and McAllister, David and Robison, Austin and Dietrich, Andreas and Humphreys, Greg and McGuire, Morgan and Stich, Martin},
 title = {GPU Ray Tracing},
 journal = {Commun. ACM},
 issue_date = {May 2013},
 volume = {56},
 number = {5},
 month = may,
 year = {2013},
 issn = {0001-0782},
 pages = {93--101},
 numpages = {9},
 url = {http://doi.acm.org/10.1145/2447976.2447997},
 doi = {10.1145/2447976.2447997},
 acmid = {2447997},
 publisher = {ACM},
 address = {New York, NY, USA},
} 


@article{von1938elektronen,
	Author = {Von Ardenne, M.},
	Date-Added = {2012-09-14 15:04:29 +0800},
	Date-Modified = {2012-09-14 15:04:29 +0800},
	Journal = {Zeitschrift f{\"u}r Physik A Hadrons and Nuclei},
	Number = {9},
	Pages = {553--572},
	Publisher = {Springer},
	Title = {Das Elektronen-Rastermikroskop},
	Volume = {109},
	Year = {1938}}

@misc{bennig1988atomic,
	Author = {Bennig, G.K.},
	Date-Added = {2012-09-14 15:02:51 +0800},
	Date-Modified = {2012-09-14 15:02:51 +0800},
	Month = feb # {~9},
	Note = {US Patent 4,724,318},
	Publisher = {Google Patents},
	Title = {Atomic force microscope and method for imaging surfaces with atomic resolution},
	Year = {1988}}

@book{raether1988surface,
	Author = {Raether, H.},
	Date-Added = {2012-09-14 15:02:26 +0800},
	Date-Modified = {2012-09-14 15:02:26 +0800},
	Publisher = {Springer-Verlag Berlin},
	Title = {Surface plasmons},
	Year = {1988}}

@book{kittel1976introduction,
	Author = {Kittel, C. and McEuen, P.},
	Date-Added = {2012-09-14 15:01:59 +0800},
	Date-Modified = {2012-09-14 15:01:59 +0800},
	Publisher = {Wiley New York},
	Title = {Introduction to solid state physics},
	Volume = {7},
	Year = {1976}}

@book{maier2007plasmonics,
	Author = {Maier, S.A.},
	Date-Added = {2012-09-14 15:01:45 +0800},
	Date-Modified = {2012-09-14 15:01:45 +0800},
	Publisher = {Springer Verlag},
	Title = {Plasmonics: fundamentals and applications},
	Year = {2007}}
